@inproceedings{Sujithra:2012,
 author = {Sujithra, M. and Padmavathi, G.},
 title = {Next Generation Biometric Security System: An Approach for Mobile Device Security},
 booktitle = {Proceedings of the Second International Conference on Computational Science, Engineering and Information Technology},
 series = {CCSEIT '12},
 year = {2012},
 isbn = {978-1-4503-1310-0},
 location = {Coimbatore UNK, India},
 pages = {377--381},
 numpages = {5},
 url = {http://doi.acm.org.ezproxy.morris.umn.edu/10.1145/2393216.2393280},
 doi = {10.1145/2393216.2393280},
 acmid = {2393280},
 publisher = {ACM},
 address = {New York, NY, USA},
 keywords = {Mobile Device security, authentication, biometrics, false accept rate, false reject rate, recognition}
 } 

@inproceedings{Muaaz:2013,
 author = {Muaaz, Muhammad and Mayrhofer, Ren{\'e}},
 title = {An Analysis of Different Approaches to Gait Recognition Using Cell Phone Based Accelerometers},
 booktitle = {Proceedings of International Conference on Advances in Mobile Computing \&\#38; Multimedia},
 series = {MoMM '13},
 year = {2013},
 isbn = {978-1-4503-2106-8},
 location = {Vienna, Austria},
 pages = {293:293--293:300},
 articleno = {293},
 numpages = {8},
 url = {http://doi.acm.org.ezproxy.morris.umn.edu/10.1145/2536853.2536895},
 doi = {10.1145/2536853.2536895},
 acmid = {2536895},
 publisher = {ACM},
 address = {New York, NY, USA},
 keywords = {Authentication, accelerometer, biometrics, gait recognition, machine learning}
} 

@inproceedings{Lu:2014,
 author = {Lu, Hong and Huang, Jonathan and Saha, Tanwistha and Nachman, Lama},
 title = {Unobtrusive Gait Verification for Mobile Phones},
 booktitle = {Proceedings of the 2014 ACM International Symposium on Wearable Computers},
 series = {ISWC '14},
 year = {2014},
 isbn = {978-1-4503-2969-9},
 location = {Seattle, Washington},
 pages = {91--98},
 numpages = {8},
 url = {http://doi.acm.org.ezproxy.morris.umn.edu/10.1145/2634317.2642868},
 doi = {10.1145/2634317.2642868},
 acmid = {2642868},
 publisher = {ACM},
 address = {New York, NY, USA},
 keywords = {activity recognition, gait recognition, mobile phones}
}
 @misc{ wiki1:2014,
   author = "Wikipedia",
   title = "Upsampling --- Wikipedia{,} The Free Encyclopedia",
   year = "2014",
   url = "http://en.wikipedia.org/w/index.php?title=Upsampling&oldid=605786683",
   note = "[Online; accessed 25-October-2014]"
 }
  @misc{ wiki2:2014,
   author = "Wikipedia",
   title = "Dynamic time warping --- Wikipedia{,} The Free Encyclopedia",
   year = "2014",
   url = "http://en.wikipedia.org/w/index.php?title=Dynamic_time_warping&oldid=623046081",
   note = "[Online; accessed 25-October-2014]"
 }